
@misc{geus,
 author = {de Geus, T.W.J.\},
 year = {2017},
 title = {{goose-article}},
 url = {https://github.com/tdegeus/goose-article}
}
