
@misc{Geus10,
 author = {de Geus, T. W. J.},
 year = {2010},
 title = {{goose-article: a customized LaTeX article class}},
 url = {https://github.com/tdegeus/goose-article}
}

@misc{Geus11,
 author = {de Geus, T. W. J.},
 year = {2011},
 title = {{goose-article: a customized LaTeX article class}},
 url = {https://github.com/tdegeus/goose-article}
}

@misc{Geus12,
 author = {de Geus, T. W. J.},
 year = {2012},
 title = {{goose-article: a customized LaTeX article class}},
 url = {https://github.com/tdegeus/goose-article}
}

@misc{Geus13,
 author = {de Geus, T. W. J.},
 year = {2013},
 title = {{goose-article: a customized LaTeX article class}},
 url = {https://github.com/tdegeus/goose-article}
}

@misc{Geus14,
 author = {de Geus, T. W. J.},
 year = {2014},
 title = {{goose-article: a customized LaTeX article class}},
 url = {https://github.com/tdegeus/goose-article}
}

@misc{Geus15,
 author = {de Geus, T. W. J.},
 year = {2015},
 title = {{goose-article: a customized LaTeX article class}},
 url = {https://github.com/tdegeus/goose-article}
}

@misc{Geus16,
 author = {de Geus, T. W. J.},
 year = {2016},
 title = {{goose-article: a customized LaTeX article class}},
 url = {https://github.com/tdegeus/goose-article}
}

@misc{Geus17,
 author = {de Geus, T. W. J.},
 year = {2017},
 title = {{goose-article: a customized LaTeX article class}},
 url = {https://github.com/tdegeus/goose-article}
}

@article{Geus19,
 author = {de Geus, T. W. J. and Popovi{\'{c}}, M. and Ji, W. and Rosso, A. and Wyart, M.},
 doi = {10.1073/pnas.1906551116},
 arxivid = {1904.07635},
 eprint = {1904.07635},
 archiveprefix = {arXiv},
 journal = {Proc. Natl. Acad. Sci.},
 pages = {201906551},
 title = {{How collective asperity detachments nucleate slip at frictional interfaces}},
 year = {2019}
}
